@article{twopeg,
      author         = " {\relax Iu} Skorodumina and G. V. Fedotov and others",
      title          = "\href{https://misportal.jlab.org/mis/physics/clas12/viewFile.cfm/2017-001.pdf?documentId=36}{TWOPEG: An Event Generator for Charged Double Pion Electroproduction off Proton}",
      journal   = "CLAS12-NOTE-2017-001",
      ee = {https://misportal.jlab.org/mis/physics/clas12/viewFile.cfm/2017-001.pdf?documentId=36},
      collaboration  = "CLAS",
      year           = "2017, arXiv/1703.08081[physics.data-an]",
      eprint         = "1703.08081",
      archivePrefix  = "arXiv",
      primaryClass   = "physics.data-an",
      SLACcitation   = "%%CITATION = ARXIV:1703.08081;%%"
}%twopeg

@article{twopeg-d,
      author         = "Skorodumina, {\relax Iu}. and Fedotov, G. V. and Gothe, R. W.",
      title          = "\href{https://misportal.jlab.org/mis/physics/clas12/viewFile.cfm/2017-014.pdf?documentId=50}{TWOPEG-D: An Extension of TWOPEG for the Case of a Moving Proton Target}",
      journal   = "CLAS12-NOTE-2017-014",
      ee = {https://misportal.jlab.org/mis/physics/clas12/viewFile.cfm/2017-014.pdf?documentId=50},
      collaboration  = "CLAS",
      year           = "2017, arXiv:1712.07712",
      eprint         = "",
      archivePrefix  = "arXiv",
      primaryClass   = "physics.data-an",
      SLACcitation   = "%%CITATION = ARXIV:1703.08081;%%"
}%twopeg-d

@misc{Genev,
      author         = "E. N. Golovach and others",
 howpublished = {\url{http://depni.sinp.msu.ru/~golovach/EG/}}
}%GENEV

@article{Mo:1968cg,
      author         = "Mo, Luke W. and Tsai, Yung-Su",
      title          = "{Radiative Corrections to Elastic and Inelastic $e p$ and
                        $\mu p$ Scattering}",
      journal        = "Rev.Mod.Phys.",
      volume         = "41",
      pages          = "205-235",
      doi            = "10.1103/RevModPhys.41.205",
      year           = "1969",
      reportNumber   = "SLAC-PUB-0380",
      SLACcitation   = "%%CITATION = RMPHA,41,205;%%",
}%Mo&Tsai

@article{Machleidt:1987hj,
      author         = "Machleidt, R. and Holinde, K. and Elster, C.",
      title          = "{The Bonn Meson Exchange Model for the Nucleon Nucleon
                        Interaction}",
      journal        = "Phys. Rept.",
      volume         = "149",
      year           = "1987",
      pages          = "1-89",
      doi            = "10.1016/S0370-1573(87)80002-9",
      SLACcitation   = "%%CITATION = PRPLC,149,1;%%"
}%Bonn potential




@article{Mecking:2003zu,
      author         = "Mecking, B. A. and others",
      title          = "{The CEBAF Large Acceptance Spectrometer (CLAS)}",
      collaboration  = "CLAS",
      journal        = "Nucl. Instrum. Meth.",
      volume         = "A503",
      year           = "2003",
      pages          = "513-553",
      doi            = "10.1016/S0168-9002(03)01001-5",
      reportNumber   = "JLAB-PHY-03-01",
      SLACcitation   = "%%CITATION = NUIMA,A503,513;%%"
}%CLAS detector


@article{Fed_an_note:2017,
      author         = "G. V. Fedotov and others",
      title          = "\href{https://misportal.jlab.org/ul/Physics/Hall-B/clas/viewFile.cfm/2018-001.pdf?documentId=776}{Analysis report on the $ep \rightarrow e'p \pi^{+}\pi^{-}$ reaction in the CLAS detector with a 2.039 GeV}",
      ee = {https://misportal.jlab.org/ul/Physics/Hall-B/clas/viewFile.cfm/2018-001.pdf?documentId=776},
      journal   = "CLAS-Analysis-2017-101 (CLAS-NOTE-2018-001)",
      collaboration  = "CLAS",
      year           = "2017",
}%Fed new note



@article{Fed_paper_2018,
      author         = "Fedotov, G. V. and others",
      title          = "{Measurements of the $\gamma_{v} p \rightarrow p' \pi^{+}
                        \pi^{-}$ cross section with the CLAS detector for $0.4$
                        GeV$^{2}$ $< Q^{2} <$ $1.0$ GeV$^{2}$ and $1.3$ GeV $< W
                        <$ $1.825$ GeV}",
      collaboration  = "CLAS",
      journal        = "Phys. Rev.",
      volume         = "C98",
      year           = "2018",
      number         = "2",
      pages          = "025203",
      doi            = "10.1103/PhysRevC.98.025203",
      eprint         = "1804.05136",
      archivePrefix  = "arXiv",
      primaryClass   = "nucl-ex",
      SLACcitation   = "%%CITATION = ARXIV:1804.05136;%%"
}%Fed new paper

@article{Skorodumina:2015rea,
      author         = "Skorodumina, {\relax Yu} and others",
      title          = "{Investigating of the exclusive reaction of
                        $\pi^{+}\pi^{âˆ’}$ pair electroproduction on a proton
                        bound in a deuteron}",
      booktitle      = "{Proceedings, 64th International Conference "Nuclei 2014:
                        Fundamental Problems and Applications of Nuclear Physics,
                        from Nanotechnology to Space" (64th International Meeting
                        on Nuclear Spectroscopy and the Structure of Atomic
                        Nuclei): Minsk, Belarus, July 1-4, 2014}",
      journal        = "Bull. Russ. Acad. Sci. Phys.",
      volume         = "79",
      year           = "2015",
      number         = "4",
      pages          = "532-536",
      doi            = "10.3103/S1062873815040292",
      note           = "[Izv. Ross. Akad. Nauk Ser. Fiz.79,no.4,575(2015)]",
      reportNumber   = "JLAB-PHY-15-2061",
      SLACcitation   = "%%CITATION = BUPSA,79,532;%%"
}% my article ia Izv Ran

@article{Arjun,
      author         = "A. Trivedi and R. W. Gothe",
      title          = "\href{https://misportal.jlab.org/ul/Physics/Hall-B/clas/viewFile.cfm/2019-102.pdf?documentId=781}{Measurement of New Observables from the $p\pi^{+}\pi^{-}$ Electroproduction off the Proton}",
      ee = {https://misportal.jlab.org/ul/Physics/Hall-B/clas/viewFile.cfm/2019-102.pdf?documentId=781},
      journal   = "CLAS-Analysis-2019-102",
      collaboration  = "CLAS",
      year           = "2018",
}%Arjun's note


@article{skorodum_an_note:2019,
      author         = "Skorodumina, {\relax Iu}. and Fedotov, G. V. and Gothe, R. W.",
      title          = "\href{https://ttt}{ Quasi-free cross section measurements for the $\pi^{+}\pi^{-}$ electroproduction off the proton in deuterium with CLAS and a 2.039 GeV beam}",
      ee = {https://ttt},
      journal   = "CLAS-Analysis-2021",
      collaboration  = "CLAS",
      year           = "2020",
}%skorodum new note

